@article{An2020,
  author = {An, X. and Lai, C. and Fan, H. and Zhang, C.},
  title = {3D acoustic metamaterial-based mechanical metalattice structures for low-frequency and broadband vibration attenuation},
  journal = {International Journal of Solids and Structures},
  volume = {191-192},
  pages = {293--306},
  year = {2020},
  doi = {10.1016/j.ijsolstr.2020.01.020}
}

@article{Bloch1928,
  author = {Bloch, F.},
  title = {Über die Quantenmechanik der Elektroden},
  journal = {Zeitschrift für Physik},
  volume = {52},
  pages = {555--600},
  year = {1928},
  doi = {10.1007/BF01339455}
}

@book{Brillouin1946,
  author = {Brillouin, L.},
  title = {Wave Propagation in Periodic Structures},
  publisher = {McGraw-Hill},
  year = {1946}
}

@book{CMH17_2012,
  title = {Composite Materials Handbook-17, Volume 2: Polymer Matrix Composites Materials Properties},
  author = {{SAE International}},
  publisher = {SAE International},
  year = {2012},
  edition = {Revision G},
  address = {Warrendale, PA},
  note = {CMH-17-2G}
}

@article{Comandini2024,
  author = {Comandini, G. and Khodr, C. and Ting, V. P. and Azarpeyvand, M. and Scarpa, F.},
  title = {Architected acoustic metamaterials: An integrated design perspective},
  journal = {Applied Physics Reviews},
  volume = {12},
  number = {1},
  pages = {011340},
  year = {2024},
  doi = {10.1063/5.0230888}
}

@article{cryst10080686,
  author = {Kumar, S. and Lee, H. P.},
  title = {Recent advances in acoustic metamaterials for simultaneous sound attenuation and air ventilation performances},
  journal = {Crystals},
  volume = {10},
  number = {8},
  pages = {686},
  year = {2020},
  doi = {10.3390/cryst10080686}
}

@article{d2019fractal,
  author = {D'Alessandro, L. and Ardito, R. and Braghin, F. and Corigliano, A.},
  title = {Low frequency 3D ultra-wide vibration attenuation via elastic metamaterial},
  journal = {Scientific Reports},
  volume = {9},
  pages = {8039},
  year = {2019},
  doi = {10.1038/s41598-019-44507-6}
}

@article{DalPoggetto2021,
  author = {Dal Poggetto, V. F. and Bosia, F. and Miniaci, M. and Pugno, N. M.},
  title = {Band-gap enhancement in periodic frames using hierarchical structures},
  journal = {International Journal of Solids and Structures},
  volume = {216},
  pages = {68--82},
  year = {2021},
  doi = {10.1016/j.ijsolstr.2021.01.003}
}

@article{DALPOGGETTO2022107763,
  author = {Dal Poggetto, V. F. and Miranda Jr., E. J. P. and Dos Santos, J. M. C. and Pugno, N. M.},
  title = {Wave attenuation in viscoelastic hierarchical plates},
  journal = {International Journal of Mechanical Sciences},
  volume = {236},
  pages = {107763},
  year = {2022},
  doi = {10.1016/j.ijmecsci.2022.107763}
}

@article{ElHassouani2010,
  author = {El Hassouani, Y. and Li, C. and Pennec, Y. and El Boudouti, E. H. and Larabi, H. and Akjouj, A. and Bou Matar, O. and Laude, V. and Papanikolaou, N.},
  title = {Dual phononic and photonic band gaps in a periodic array of pillars deposited on a thin plate},
  journal = {Physical Review B},
  volume = {82},
  number = {15},
  pages = {155405},
  year = {2010},
  doi = {10.1103/PhysRevB.82.155405}
}

@article{Floquet1883,
  author = {Floquet, G.},
  title = {Sur les équations différentielles linéaires à coefficients périodiques},
  journal = {Annales scientifiques de l'École normale supérieure},
  volume = {12},
  pages = {47--88},
  year = {1883}
}

@article{Hsue2005,
  author = {Hsue, S.-T. and Fang, D.-M. and Tzeng, S.-F.},
  title = {Extended plane-wave-expansion method for phononic crystals},
  journal = {Physical Review B},
  volume = {72},
  pages = {085123},
  year = {2005},
  doi = {10.1103/PhysRevB.72.195118}
}

@article{Hsu2007,
  author = {Hsu, J.-C. and Wu, T.-T.},
  title = {Lamb waves in binary locally resonant phononic plates with two-dimensional lattices},
  journal = {Applied Physics Letters},
  volume = {90},
  number = {20},
  pages = {201904},
  year = {2007},
  doi = {10.1063/1.2739369}
}

@article{Hussein2006,
  author = {Hussein, M. I.},
  title = {Reduced Bloch mode expansion for periodic media band structure calculations},
  journal = {Proceedings of the Royal Society A},
  volume = {462},
  number = {2073},
  pages = {3385--3408},
  year = {2006},
  doi = {10.1098/rspa.2008.0471}
}

@article{Hussein2014,
  author = {Hussein, M. I. and Leamy, M. J. and Ruzzene, M.},
  title = {Dynamics of phononic materials and structures: Historical origins, recent progress, and future outlook},
  journal = {Applied Mechanics Reviews},
  volume = {66},
  number = {4},
  pages = {040802},
  year = {2014},
  doi = {10.1115/1.4026911}
}

@article{Joannopoulos1997,
  author = {Joannopoulos, J. D. and Villeneuve, P. R. and Fan, S.},
  title = {Photonic crystals: Putting a new twist on light},
  journal = {Nature},
  volume = {386},
  number = {6621},
  pages = {143--149},
  year = {1997},
  doi = {10.1038/386143a0}
}

@article{John1987,
  author = {John, S.},
  title = {Strong localization of photons in certain disordered dielectric superlattices},
  journal = {Physical Review Letters},
  volume = {58},
  number = {23},
  pages = {2486--2489},
  year = {1987},
  doi = {10.1103/PhysRevLett.58.2486}
}

@article{KANDASAMY2016279,
  author = {Kandasamy, R. and Cui, F. and Townsend, N. and Foo, C. C. and Guo, J. and Shenoi, A. and Xiong, Y.},
  title = {A review of vibration control methods for marine offshore structures},
  journal = {Ocean Engineering},
  volume = {127},
  pages = {279--297},
  year = {2016},
  doi = {10.1016/j.oceaneng.2016.10.001}
}

@book{Kinsler2000,
  author = {Kinsler, L. E. and Frey, A. R. and Coppens, A. B. and Sanders, J. V.},
  title = {Fundamentals of Acoustics},
  edition = {4th},
  publisher = {Wiley},
  year = {2000}
}

@article{Kirchhoff1850,
  author = {Kirchhoff, G.},
  title = {On the theory of elastic plates},
  journal = {Annalen der Physik},
  volume = {147},
  pages = {423--435},
  year = {1850}
}

@article{Kumar2019,
  author = {Kumar, N. and Pal, S.},
  title = {Low frequency and wide band gap metamaterial with divergent shaped star units: Numerical and experimental investigations},
  journal = {Applied Physics Letters},
  volume = {115},
  number = {25},
  pages = {254101},
  year = {2019},
  doi = {10.1063/1.5119754}
}

@article{Kushwaha1994,
  author = {Kushwaha, M. S. and Halevi, P. and Martinez, G. and Dobrzynski, L. and Djafari-Rouhani, B.},
  title = {Theory of acoustic band structure of periodic elastic composites},
  journal = {Physical Review B},
  volume = {49},
  number = {4},
  pages = {2313--2322},
  year = {1994},
  doi = {10.1103/PhysRevB.49.2313}
}

@book{Laude2015,
  author = {Laude, V.},
  title = {Phononic Crystals: Artificial Crystals for Sonic, Acoustic, and Elastic Waves},
  publisher = {De Gruyter},
  year = {2015}
}

@article{Laude2009,
  author = {Laude, V. and Achaoui, Y. and Benchabane, S. and Khelif, A.},
  title = {Evanescent Bloch waves and the complex band structure of phononic crystals},
  journal = {Physical Review B},
  volume = {80},
  number = {9},
  pages = {092301},
  year = {2009},
  doi = {10.1103/PhysRevB.80.092301}
}

@article{Lee2015,
  author = {Lee, S. and Ruzzene, M.},
  title = {Wave propagation control in thin elastic plates using elastic metasurfaces},
  journal = {Journal of Sound and Vibration},
  volume = {340},
  pages = {142--155},
  year = {2015},
  doi = {10.1016/j.jsv.2014.07.011}
}

@article{Lee2020,
  author = {Lee, K. Y. and Jeon, W.},
  title = {Hierarchical phononic crystals for filtering multiple target frequencies of ultrasound},
  journal = {Scientific Reports},
  volume = {10},
  pages = {8070},
  year = {2020},
  doi = {10.1038/s41598-020-64234-7}
}

@article{Lera2019,
  author = {Lera, O. and Castañeda, F. and Vasquez, F.},
  title = {Adaptive metamaterial plate with embedded piezoelectric shunts for vibration control},
  journal = {Smart Materials and Structures},
  volume = {28},
  pages = {045013},
  year = {2019},
  doi = {10.1088/1361-665X/ab0421}
}

@article{Li2012,
  author = {Li, D. and Zigoneanu, L. and Popa, B.-I. and Cummer, S. A.},
  title = {Design of an acoustic metamaterial lens using genetic algorithms},
  journal = {The Journal of the Acoustical Society of America},
  volume = {132},
  number = {4},
  pages = {2823--2833},
  year = {2012},
  doi = {10.1121/1.4744942}
}

@article{Li2021,
  author = {Li, J. and Fan, X. and Li, F.},
  title = {Numerical and experimental study of a sandwich-like metamaterial plate for vibration suppression},
  journal = {Composite Structures},
  volume = {238},
  pages = {111969},
  year = {2020},
  doi = {10.1016/j.compstruct.2020.111969}
}

@article{Lin2021,
  author = {Lin, S. and Zhang, Y. and Liang, Y. and Liu, Y. and Liu, C. and Yang, Z.},
  title = {Bandgap characteristics and wave attenuation of metamaterials based on negative-stiffness dynamic vibration absorbers},
  journal = {Journal of Sound and Vibration},
  volume = {502},
  pages = {116088},
  year = {2021},
  doi = {10.1016/j.jsv.2021.116088}
}

@article{Liu2000,
  author = {Liu, Z. and Zhang, X. and Mao, Y. and Zhu, Y. Y. and Yang, Z. and Chan, C. T. and Sheng, P.},
  title = {Locally resonant sonic materials},
  journal = {Science},
  volume = {289},
  number = {5485},
  pages = {1734--1736},
  year = {2000},
  doi = {10.1126/science.289.5485.1734}
}

@article{Liu2018,
  author = {Liu, J. and Li, L. and Xia, B. and Man, X.},
  title = {Fractal labyrinthine acoustic metamaterial in planar lattices},
  journal = {International Journal of Solids and Structures},
  volume = {132-133},
  pages = {20--30},
  year = {2018},
  doi = {10.1016/j.ijsolstr.2017.06.019}
}

@article{Love1888,
  author = {Love, A. E. H.},
  title = {The small free vibrations and deformations of a thin elastic shell},
  journal = {Philosophical Transactions of the Royal Society A},
  volume = {179},
  pages = {491--549},
  year = {1888}
}

@article{LU20131,
  author = {Lu, L. and Yamamoto, T. and Otomori, M. and Yamada, T. and Izui, K. and Nishiwaki, S.},
  title = {Topology optimization of an acoustic metamaterial with negative bulk modulus using local resonance},
  journal = {Finite Elements in Analysis and Design},
  volume = {72},
  pages = {1--12},
  year = {2013},
  doi = {10.1016/j.finel.2013.04.005}
}

@article{MASRI2024102957,
  author = {Masri, J. and Amer, M. and Salman, S. and Ismail, M. and Elsisi, M.},
  title = {A survey of modern vehicle noise, vibration, and harshness: A state-of-the-art},
  journal = {Ain Shams Engineering Journal},
  volume = {15},
  number = {10},
  pages = {102957},
  year = {2024},
  doi = {10.1016/j.asej.2024.102957}
}

@article{Matlack2016,
  author = {Matlack, K. H. and Bauhofer, A. and Krödel, S. and Palermo, A. and Daraio, C.},
  title = {Composite 3D-printed metastructures for low-frequency and broadband vibration absorption},
  journal = {Proceedings of the National Academy of Sciences},
  volume = {113},
  pages = {8386--8390},
  year = {2016},
  doi = {10.1073/pnas.1600171113}
}

@article{Meade1992,
  author = {Meade, R. D. and Brommer, K. D. and Rappe, A. M. and Joannopoulos, J. D.},
  title = {Existence of a photonic band gap in two dimensions},
  journal = {Applied Physics Letters},
  volume = {61},
  number = {4},
  pages = {495--497},
  year = {1992},
  doi = {10.1063/1.107868}
}

@article{Mindlin1951,
  author = {Mindlin, R. D.},
  title = {Influence of rotatory inertia and shear on flexural motions of isotropic elastic plates},
  journal = {Journal of Applied Mechanics},
  volume = {18},
  pages = {31--38},
  year = {1951},
  doi = {10.1115/1.4010217}
}

@article{MIRANDA2019480,
  author = {Miranda, E. J. P. and Nobrega, E. D. and Ferreira, A. H. R. and Dos Santos, J. M. C.},
  title = {Flexural wave band gaps in a multi-resonator elastic metamaterial plate using Kirchhoff-Love theory},
  journal = {Mechanical Systems and Signal Processing},
  volume = {116},
  pages = {480--504},
  year = {2019},
  doi = {10.1016/j.ymssp.2018.06.059}
}

@article{MIRANDAJR2020138,
  author = {Miranda Jr., E. J. P. and Nobrega, E. D. and Rodrigues, S. F. and Aranas Jr., C. and Dos Santos, J. M. C.},
  title = {Wave attenuation in elastic metamaterial thick plates: Analytical, numerical and experimental investigations},
  journal = {International Journal of Solids and Structures},
  volume = {204-205},
  pages = {138--152},
  year = {2020},
  doi = {10.1016/j.ijsolstr.2020.08.002}
}

@article{MIR2022108936,
  author = {Mir, M. and Nasirzadeh, F. and Lee, S. and Cabrera, D. and Mills, A.},
  title = {Construction noise management: A systematic review and directions for future research},
  journal = {Applied Acoustics},
  volume = {197},
  pages = {108936},
  year = {2022},
  doi = {10.1016/j.apacoust.2022.108936}
}

@article{Oudich2010,
  author = {Oudich, M. and Assouar, M. B. and Hou, Z.},
  title = {Propagation of acoustic waves and waveguiding in a two-dimensional locally resonant phononic crystal plate},
  journal = {Applied Physics Letters},
  volume = {97},
  number = {19},
  pages = {193503},
  year = {2010},
  doi = {10.1063/1.3513218}
}

@article{Oudich2011,
  author = {Oudich, M. and Senesi, M. and Assouar, M. B. and Ruzenne, M. and Sun, J.-H. and Vincent, B. and Hou, Z. and Wu, T.-T.},
  title = {Experimental evidence of locally resonant sonic band gap in two-dimensional phononic stubbed plates},
  journal = {Physical Review B},
  volume = {84},
  number = {16},
  pages = {165136},
  year = {2011},
  doi = {10.1103/PhysRevB.84.165136}
}

@article{Pennec2010,
  author = {Pennec, Y. and Vasseur, J.-O. and Djafari-Rouhani, B.},
  title = {Two-dimensional phononic crystals: Examples and applications},
  journal = {Surface Science Reports},
  volume = {65},
  number = {8},
  pages = {229--291},
  year = {2010},
  doi = {10.1016/j.surfrep.2010.08.002}
}

@article{Phani2006,
  author = {Phani, A. S. and Woodhouse, J. and Fleck, N. A.},
  title = {Wave propagation in two-dimensional periodic plates},
  journal = {Journal of the Acoustical Society of America},
  volume = {119},
  pages = {1995--2005},
  year = {2006},
  doi = {10.1121/1.2179748}
}

@article{RAO2003457,
  author = {Rao, M. D.},
  title = {Recent applications of viscoelastic damping for noise control in automobiles and commercial airplanes},
  journal = {Journal of Sound and Vibration},
  volume = {262},
  number = {3},
  pages = {457--474},
  year = {2003},
  doi = {10.1016/S0022-460X(03)00106-8}
}

@article{Reissner1945,
  author = {Reissner, E.},
  title = {The effect of transverse shear deformation on the bending of elastic plates},
  journal = {Journal of Applied Mechanics},
  volume = {12},
  pages = {69--77},
  year = {1945},
  doi = {10.1115/1.4009435}
}

@article{Sigalas1992,
  author = {Sigalas, M. M. and Economou, E. N.},
  title = {Elastic and acoustic wave band structure},
  journal = {Journal of Sound and Vibration},
  volume = {158},
  number = {2},
  pages = {377--382},
  year = {1992},
  doi = {10.1016/0022-460X(92)90059-7}
}

@article{Torrent2013,
  author = {Torrent, D. and Pujol, A. and Sánchez-Dehesa, J.},
  title = {Acoustic metamaterials for sound focusing and active control application},
  journal = {New Journal of Physics},
  volume = {15},
  pages = {043046},
  year = {2013},
  doi = {10.1088/1367-2630/15/4/043046}
}

@article{Vasseur1994,
  author = {Vasseur, J. O. and Djafari-Rouhani, B. and Dobrzynski, L. and Kushwaha, M. S. and Halevi, P.},
  title = {Band-gap engineering in periodic elastic composites},
  journal = {Applied Physics Letters},
  volume = {64},
  number = {9},
  pages = {1085--1087},
  year = {1994},
  doi = {10.1063/1.110940}
}

@article{Vasseur2008,
  author = {Vasseur, J.-O. and Deymier, P. A. and Djafari-Rouhani, B. and Pennec, Y. and Hladky-Hennion, A.-C.},
  title = {Absolute forbidden bands and waveguiding in two-dimensional phononic crystal plates},
  journal = {Physical Review B},
  volume = {77},
  number = {8},
  pages = {085415},
  year = {2008},
  doi = {10.1103/PhysRevB.77.085415}
}

@article{Villeneuve1992,
  author = {Villeneuve, P. R. and Piché, M.},
  title = {Photonic band gaps in two-dimensional square and hexagonal lattices},
  journal = {Physical Review B},
  volume = {46},
  number = {8},
  pages = {4969--4973},
  year = {1992},
  doi = {10.1103/PhysRevB.46.4969}
}

@article{Wang2004,
  author = {Wang, G. and Wen, X. and Wen, J. and Shao, L. and Liu, Y.},
  title = {Two-dimensional locally resonant phononic crystals with binary structures},
  journal = {Physical Review Letters},
  volume = {93},
  number = {15},
  pages = {154302},
  year = {2004},
  doi = {10.1103/PhysRevLett.93.154302}
}

@article{Wang2005,
  author = {Wang, G. and Wen, X. and Wen, J. and Liu, Y.},
  title = {Quasi-one-dimensional periodic structure with locally resonant band gap},
  journal = {Journal of Applied Mechanics},
  volume = {73},
  number = {1},
  pages = {167--170},
  year = {2005},
  doi = {10.1115/1.2061947}
}

@article{Wang2020,
  author = {Wang, T. and Zhang, W. and Wei, X.},
  title = {Design and characterization of passive acoustic panels using locally resonant metamaterials},
  journal = {Applied Acoustics},
  volume = {159},
  pages = {107053},
  year = {2020},
  doi = {10.1016/j.apacoust.2019.107053}
}

@article{Wang2021,
  author = {Wang, Q. and Li, J. and Zhang, Y. and Xue, Y. and Li, F.},
  title = {Bandgap properties in metamaterial sandwich plate with periodically embedded plate-type resonators},
  journal = {Mechanical Systems and Signal Processing},
  volume = {151},
  pages = {107375},
  year = {2021},
  doi = {10.1016/j.ymssp.2020.107375}
}

@article{Wei2021,
  author = {Wei, X.-S. and Wu, Z. and Yan, G. and Zhang, W.},
  title = {Investigations on impedance mismatch and modal coupling in multilayer resonator metamaterial plates},
  journal = {Applied Acoustics},
  volume = {185},
  pages = {108342},
  year = {2021},
  doi = {10.1016/j.apacoust.2021.108342}
}

@article{Weiner2020,
  author = {Weiner, M. and Ni, X. and Li, M. and Alù, A. and Khanikaev, A. B.},
  title = {Demonstration of a third-order hierarchy of topological states in a three-dimensional acoustic metamaterial},
  journal = {Science Advances},
  volume = {6},
  number = {13},
  pages = {eaay4166},
  year = {2020},
  doi = {10.1126/sciadv.aay4166}
}

@article{Xiao_2012,
  author = {Xiao, Y. and Wen, J. and Wen, X.},
  title = {Flexural wave band gaps in locally resonant thin plates with periodically attached spring-mass resonators},
  journal = {Journal of Physics D: Applied Physics},
  volume = {45},
  number = {19},
  pages = {195401},
  year = {2012},
  doi = {10.1088/0022-3727/45/19/195401}
}

@article{Xiao_2014,
  author = {Xiao, Y. and Wen, J. and Huang, L. and Wen, X.},
  title = {Analysis and experimental realization of locally resonant phononic plates carrying a periodic array of beam-like resonators},
  journal = {Journal of Physics D: Applied Physics},
  volume = {47},
  number = {4},
  pages = {045307},
  year = {2013},
  doi = {10.1088/0022-3727/47/4/045307}
}

@article{Yablonovitch1987,
  author = {Yablonovitch, E.},
  title = {Inhibited spontaneous emission in solid-state physics and electronics},
  journal = {Physical Review Letters},
  volume = {58},
  number = {20},
  pages = {2059--2062},
  year = {1987},
  doi = {10.1103/PhysRevLett.58.2059}
}

@article{Yan2022,
  author = {Yan, G. and Zou, H. and Wang, S. and Zhang, W.},
  title = {Topology optimization of thin elastic metamaterial plates for ultrawide flexural vibration bandgaps},
  journal = {Journal of Sound and Vibration},
  volume = {512},
  pages = {116467},
  year = {2022},
  doi = {10.1016/j.jsv.2021.116467}
}

@article{Yao2014,
  author = {Yao, M. and Chen, Y. and Huang, G.},
  title = {Elastic metamaterial plates for flexural wave attenuation in aerospace applications},
  journal = {Applied Physics Letters},
  volume = {104},
  pages = {191903},
  year = {2014},
  doi = {10.1063/1.4878786}
}

@article{Zhang2014,
  author = {Zhang, S. and Wu, J. H. and Hu, Z.},
  title = {Low-frequency locally resonant band-gaps in phononic crystal plates with periodic spiral resonators},
  journal = {Journal of Applied Physics},
  volume = {113},
  number = {16},
  pages = {163511},
  year = {2013},
  doi = {10.1063/1.4803075}
}

@article{ZhiTao2022,
  author = {Jiang, J. and Yang, X. and Hu, Y.},
  title = {A novel auxetic acoustic metamaterial plate with tunable bandgap},
  journal = {Applied Physics Letters},
  volume = {121},
  number = {8},
  pages = {081702},
  year = {2022},
  doi = {10.1016/j.ijmecsci.2022.107414}
}

@article{Zouari2018,
  author = {Zouari, B. and Guenneau, S. and Zolla, F.},
  title = {Experimental demonstration of a two-dimensional elastic metamaterial barrier for vibration isolation},
  journal = {Physical Review Applied},
  volume = {10},
  pages = {014021},
  year = {2018},
  doi = {10.1103/PhysRevApplied.10.014021}
}